% This file was created with JabRef 2.9.2.
% Encoding: UTF8

@MISC{trafficflowhistory,
  author = {Wikipedia},
  title = {Traffic Flow},
  howpublished = {http://en.wikipedia.org/wiki/Traffic\_flow},
  owner = {CC},
  timestamp = {2008.11.10}
}

@ARTICLE{1983RvMP...55..601W,
  author = {{Wolfram}, S.},
  title = {{Statistical mechanics of cellular automata}},
  journal = {Reviews of Modern Physics},
  year = {1983},
  volume = {55},
  pages = {601-644},
  month = jul,
  adsnote = {Provided by the SAO/NASA Astrophysics Data System},
  adsurl = {http://adsabs.harvard.edu/abs/1983RvMP...55..601W},
  doi = {10.1103/RevModPhys.55.601}
}

